@misc{NOAA_Lidar,
	author = {{NOAA Ocean Service}},
	title = {Lidar: How it works and its types},
	url = {https://oceanservice.noaa.gov/facts/lidar.html#:~:text=Two%20types%20of%20lidar%20are%20topographic%20and%20bathymetric.},
	year = {2024},
	note = {Accessed: 2024-02-21}
}

@misc{IBM_Lidar,
	author = {{IBM}},
	title = {¿Qué es LiDAR?},
	url = {https://www.ibm.com/mx-es/topics/lidar},
	year = {2024},
	note = {Accessed: 2024-02-21}
}

@misc{UAVLatam_Lidar,
	author = {{UAV Latam}},
	title = {¿Qué es un sensor LiDAR y cómo funciona?},
	url = {https://uavlatam.com/que-es-un-sensor-lidar-como-funciona/},
	year = {2024},
	note = {Accessed: 2024-02-21}
}

@misc{ScienceDirect_Magnetometer,
	author = {{ScienceDirect}},
	title = {Magnetometer - Topics in Materials Science},
	url = {https://www.sciencedirect.com/topics/materials-science/magnetometer},
	year = {2024},
	note = {Accessed: 2024-02-21}
}

@misc{SICK_Encoders,
	author = {{SICK Sensor Intelligence}},
	title = {Descripción y aplicación de encoders y sensores de inclinación},
	url = {https://www.sick.com/cl/es/descripcion-y-aplicacion-de-encoders-y-sensores-de-inclinacion/w/encoders-definition/},
	year = {2024},
	note = {Accessed: 2024-02-21}
}

@misc{TE_Potentiometer,
	author = {{TE Connectivity}},
	title = {Sensores de Potenciómetro},
	url = {https://www.te.com/es/products/sensors/position-sensors/potentiometer-sensors.html},
	year = {2024},
	note = {Accessed: 2024-02-21}
}

@misc{Dewesoft_LVDT,
	author = {{Dewesoft}},
	title = {Cómo medir posición y desplazamiento con sensores LVDT},
	url = {https://dewesoft.com/es/blog/medir-posicion-desplazamiento-con-sensores-lvdt},
	year = {2024},
	note = {Accessed: 2024-02-21}
}

@misc{ServoMotors_Resolver,
	author = {{Servo Motors Adjust}},
	title = {Resolver Feedback},
	url = {https://www.servomotorsadjust.com/resolver-feedback/},
	year = {2024},
	note = {Accessed: 2024-02-21}
}

@misc{Structuralia_Velocidad,
	author = {{Structuralia}},
	title = {Tipos de sensores de velocidad},
	url = {https://blog.structuralia.com/tipos-sensores-velocidad},
	year = {2024},
	note = {Accessed: 2024-02-21}
}

@misc{Schott_Lidar,
	author = {{Schott}},
	title = {Hermetic Packages for Lidar Sensors},
	url = {https://www.schott.com/es-es/products/hermetic-packages-for-lidar-sensors-p1000281/applications},
	year = {2024},
	note = {Accessed: 2024-02-21}
}

@misc{GeoTop_Lidar,
	author = {{GeoTop}},
	title = {Sensor Lidar CHCNAV AlphaUni 20},
	url = {https://geotop.la/producto/sensor-lidar-chcnav-alphauni-20/},
	year = {2024},
	note = {Accessed: 2024-02-21}
}

@misc{AJT_Lidar,
	author = {{AJT Topógrafos}},
	title = {¿Qué es el sistema LiDAR?},
	url = {https://www.ajttopografos.com/blog/que-es-el-sistema-lidar/},
	year = {2024},
	note = {Accessed: 2024-02-21}
}

@misc{Pyroistech_Lidar,
	author = {{Pyroistech}},
	title = {Lidar: Aplicaciones y Tecnología},
	url = {https://www.pyroistech.com/es/lidar-es/},
	year = {2024},
	note = {Accessed: 2024-02-21}
}

@misc{YouTube_Lidar,
	author = {{YouTube}},
	title = {Explicación del sensor LiDAR},
	url = {https://www.youtube.com/watch?v=9X4frIQo7x0},
	year = {2024},
	note = {Accessed: 2024-02-21}
}

@misc{Printables_IMU,
	author = {{Printables}},
	title = {MEMS Model - Six Axis IMU Device},
	url = {https://www.printables.com/model/413667-mems-model-six-axis-imu-device/files#preview.U8Zy0},
	year = {2024},
	note = {Accessed: 2024-02-21}
}

@misc{TransducerResearch_Magnetoresistive,
	author = {{Transducer Research Foundation}},
	title = {Technical Digest on Magnetoresistive Sensors},
	url = {https://transducer-research-foundation.org/technical_digests/HiltonHead_2010/hh2010_0061.pdf},
	year = {2010},
	note = {Accessed: 2024-02-21}
}

@misc{Infineon_HallSwitch,
	author = {{Infineon}},
	title = {Magnetic Switches},
	url = {https://www.infineon.com/cms/en/product/sensor/magnetic-sensors/magnetic-position-sensors/magnetic-switches/},
	year = {2024},
	note = {Accessed: 2024-02-21}
}

@misc{TE_PiezoFilm,
	author = {{TE Connectivity}},
	title = {Piezo Film Sensors},
	url = {https://www.te.com/es/products/sensors/piezo-film-sensors.html?tab=pgp-story},
	year = {2024},
	note = {Accessed: 2024-02-21}
}

@misc{ResearchGate_Piezoelectric,
	author = {{ResearchGate}},
	title = {Screening de Muestras Basado en Sensores Piezoeléctricos},
	url = {https://www.researchgate.net/publication/299441372_Screening_de_Muestras_Basado_En_Sensores_Piezoelectricos},
	year = {2024},
	note = {Accessed: 2024-02-21}
}

@misc{ResearchGate_Magnetoresistivo,
	author = {{ResearchGate}},
	title = {Esquematización del efecto magnetorresistivo},
	url = {https://www.researchgate.net/figure/FIGURA-6-a-Esquematizacion-del-efecto-magnetorresistivo-MR-Un-campo-magnetico_fig4_236952711},
	year = {2024},
	note = {Accessed: 2024-02-21}
}

@misc{Cybermatics_Sensores,
	author = {{Cybermatics Hub}},
	title = {Tipos de sensores industriales de contacto y proximidad},
	url = {https://hub.cybermatics.com.mx/blog/tipos-de-sensores-industriales-de-contacto-y-de-proximidad},
	year = {2024},
	note = {Accessed: 2024-02-21}
}

@misc{Keyence_Contacto,
	author = {{Keyence}},
	title = {Principios de sensores de contacto},
	url = {https://www.keyence.com.mx/ss/products/sensor/sensorbasics/contact/principles},
	year = {2024},
	note = {Accessed: 2024-02-21}
}

@misc{TME_Acelerometro,
	author = {{TME Electronics}},
	title = {¿Cómo funciona y qué hace el acelerómetro?},
	url = {https://www.tme.com/mx/es/news/library-articles/page/22568/Como-funciona-y-que-hace-el-acelerometro/},
	year =
}